<collection xmlns="http://www.loc.gov/MARC21/slim"><record><leader>00878nam  2200253   450</leader><controlfield tag="001">798</controlfield><controlfield tag="003">http://montalegre.opacnet.com/OPAC/default.aspx?ContentAreaControl=ShowRegHoldings.ascx&amp;RegNo=16662</controlfield><controlfield tag="005">20</controlfield><datafield tag="021" ind1=" " ind2=" "><subfield code="a">PT</subfield></datafield><datafield tag="095" ind1=" " ind2=" "><subfield code="a">PTBN00022855</subfield></datafield><datafield tag="100" ind1=" " ind2=" "><subfield code="a">20120517d1981    m  y0pora0103    ba</subfield></datafield><datafield tag="101" ind1="1" ind2=" "><subfield code="a">por</subfield></datafield><datafield tag="102" ind1=" " ind2=" "><subfield code="a">PT</subfield></datafield><datafield tag="200" ind1="1" ind2=" "><subfield code="a">Diário de Anne Frank</subfield><subfield code="e">&lt;de &gt;12 de Junho de 1942 a 1 de Agosto de 1944</subfield><subfield code="g">trad., pref.: Ilse Losa</subfield></datafield><datafield tag="210" ind1=" " ind2=" "><subfield code="a">Lisboa</subfield><subfield code="c">Livros do Brasil</subfield><subfield code="d">1981</subfield></datafield><datafield tag="215" ind1=" " ind2=" "><subfield code="a">349, [3] p.</subfield><subfield code="d">22 cm</subfield></datafield><datafield tag="225" ind1="2" ind2=" "><subfield code="a">Dois mundos</subfield><subfield code="v">33</subfield></datafield><datafield tag="304" ind1=" " ind2=" "><subfield code="a">Tít. orig.: Het Achterhuis</subfield></datafield><datafield tag="608" ind1=" " ind2=" "><subfield code="a">Diários</subfield><subfield code="2">Autoridade</subfield><subfield code="3">PT-----------2012042016150005185</subfield></datafield><datafield tag="675" ind1=" " ind2=" "><subfield code="a">82-94</subfield></datafield><datafield tag="700" ind1=" " ind2="1"><subfield code="a">Frank</subfield><subfield code="b">Anne</subfield><subfield code="f">1929-1945</subfield></datafield><datafield tag="702" ind1=" " ind2="1"><subfield code="a">Losa</subfield><subfield code="b">Ilse</subfield><subfield code="f">1913-2006</subfield><subfield code="4">730</subfield><subfield code="4">080 [Autor do prefácio]</subfield></datafield><datafield tag="801" ind1=" " ind2="0"><subfield code="a">PT</subfield><subfield code="b">Biblioteca Municipal de Montalegre</subfield><subfield code="g">RPC</subfield></datafield><datafield tag="856" ind1=" " ind2=" "><subfield code="u">locateMedia.asp?cod=20060622121124&amp;ext=jpg</subfield><subfield code="z">CAPA</subfield></datafield><datafield tag="909" ind1="&#9;" ind2=" "><subfield code="a">1</subfield></datafield><datafield tag="966" ind1=" " ind2=" "><subfield code="a">0008854</subfield><subfield code="l">BMM</subfield><subfield code="s">SCG 82-94 FRA diá 33</subfield></datafield></record></collection>